@article{barigozzi2010multinetwork,
	title={Multinetwork of international trade: A commodity-specific analysis},
	author={Barigozzi, Matteo and Fagiolo, Giorgio and Garlaschelli, Diego},
	journal={Physical Review E},
	volume={81},
	number={4},
	pages={046104},
	year={2010},
	publisher={APS}
}
@book{beaton2017trade,
	title={Trade Integration in Latin America: A Network Perspective},
	author={Beaton, Ms Kimberly and Cebotari, Aliona and Ding, Xiaodan and Komaromi, Andras},
	year={2017},
	publisher={International Monetary Fund}
}
@book{borgatti2018analyzing,
	title={Analyzing social networks},
	author={Borgatti, Stephen P and Everett, Martin G and Johnson, Jeffrey C},
	year={2018},
	publisher={Sage}
}
@book{bowen1998applied,
	title={Applied international trade analysis},
	author={Bowen, Harry and Hollander, Abraham and Viaene, Jean-Marie},
	year={1998},
	publisher={University of Michigan Press}
}
@article{broido2019scale,
	title={Scale-free networks are rare},
	author={Broido, Anna D and Clauset, Aaron},
	journal={Nature communications},
	volume={10},
	number={1},
	pages={1--10},
	year={2019},
	publisher={Nature Publishing Group}
}
@article{burkholz2019international,
	title={International crop trade networks: the impact of shocks and cascades},
	author={Burkholz, Rebekka and Schweitzer, Frank},
	journal={Environmental Research Letters},
	volume={14},
	number={11},
	pages={114013},
	year={2019},
	publisher={IOP Publishing}
}
@article{cepeda2019evolution,
	title={The evolution of world trade from 1995 to 2014: A network approach},
	author={Cepeda-L{\'o}pez, Freddy and Gamboa-Estrada, Fredy and Le{\'o}n, Carlos and Rinc{\'o}n-Castro, Hern{\'a}n},
	journal={The Journal of International Trade \& Economic Development},
	volume={28},
	number={4},
	pages={452--485},
	year={2019},
	publisher={Taylor \& Francis}
}
@book{cormen2009introduction,
	title={Introduction to algorithms},
	author={Cormen, Thomas H and Leiserson, Charles E and Rivest, Ronald L and Stein, Clifford},
	year={2009},
	publisher={MIT press}
}
@article{cingolani2018international,
	title={International production networks and the world trade structure},
	author={Cingolani, Isabella and Iapadre, Lelio and Tajoli, Lucia},
	journal={International economics},
	volume={153},
	pages={11--33},
	year={2018},
	publisher={Elsevier}
}
@article{cingolani2017countries,
	title={Countriesâ€™ positions in the international global value networks: Centrality and economic performance},
	author={Cingolani, Isabella and Panzarasa, Pietro and Tajoli, Lucia},
	journal={Applied network science},
	volume={2},
	number={1},
	pages={21},
	year={2017},
	publisher={Springer}
}
@article{de2014network,
	title={Network Analysis of World Trade using the BACI-CEPII dataset},
	author={De Benedictis, Luca and Nenci, Silvia and Santoni, Gianluca and Tajoli, Lucia and Vicarelli, Claudio},
	journal={Global Economy Journal},
	volume={14},
	number={03n04},
	pages={287--343},
	year={2014},
	publisher={World Scientific}
}
@article{fagiolo2010evolution,
	title={The evolution of the world trade web: a weighted-network analysis},
	author={Fagiolo, Giorgio and Reyes, Javier and Schiavo, Stefano},
	journal={Journal of Evolutionary Economics},
	volume={20},
	number={4},
	pages={479--514},
	year={2010},
	publisher={Springer}
}
@article{gephart2016vulnerability,
	title={Vulnerability to shocks in the global seafood trade network},
	author={Gephart, Jessica A and Rovenskaya, Elena and Dieckmann, Ulf and Pace, Michael L and Br{\"a}nnstr{\"o}m, {\AA}ke},
	journal={Environmental Research Letters},
	volume={11},
	number={3},
	pages={035008},
	year={2016},
	publisher={IOP Publishing}
}
@book{jackson2010social,
	title={Social and economic networks},
	author={Jackson, Matthew O},
	year={2010},
	publisher={Princeton university press}
}
@article{li2014ranking,
	title={Ranking the economic importance of countries and industries},
	author={Li, Wei and Kenett, Dror Y and Yamasaki, Kazuko and Stanley, H Eugene and Havlin, Shlomo},
	journal={arXiv preprint arXiv:1408.0443},
	year={2014}
}
@article{losercs224w,
	title={CS224W Final Project: Group 7 International Trade Cascades},
	author={Loser, John and Segel, Edward}
}
@article{motter2002cascade,
	title={Cascade-based attacks on complex networks},
	author={Motter, Adilson E and Lai, Ying-Cheng},
	journal={Physical Review E},
	volume={66},
	number={6},
	pages={065102},
	year={2002},
	publisher={APS}
}
@book{newman2018networks,
	title={Networks},
	author={Newman, Mark},
	year={2018},
	publisher={Oxford university press}
}
@article{nguyen2016economic,
	title={Economic Integration in ASEAN+ 3: A Network Analysis},
	author={Nguyen, Thi Nguyet Anh and Pham, Thi Hong Hanh and Vall{\'e}e, Thomas},
	journal={Journal of economic integration},
	pages={275--325},
	year={2016},
	publisher={JSTOR}
}
@book{reinert2011introduction,
	title={An introduction to international economics: new perspectives on the world economy},
	author={Reinert, Kenneth A},
	year={2011},
	publisher={Cambridge University Press}
}
@article{serrano2003topology,
	title={Topology of the world trade web},
	author={Serrano, Ma Angeles and Bogun{\'a}, Mari{\'a}n},
	journal={Physical Review E},
	volume={68},
	number={1},
	pages={015101},
	year={2003},
	publisher={APS}
}
@article{serrano2007patterns,
	title={Patterns of dominant flows in the world trade web},
	author={Serrano, M {\'A}ngeles and Bogu{\~n}{\'a}, Mari{\'a}n and Vespignani, Alessandro},
	journal={Journal of Economic Interaction and Coordination},
	volume={2},
	number={2},
	pages={111--124},
	year={2007},
	publisher={Springer}
}
@inproceedings{simoes2011economic,
	title={The economic complexity observatory: An analytical tool for understanding the dynamics of economic development},
	author={Simoes, Alexander James Gaspar and Hidalgo, C{\'e}sar A},
	booktitle={Workshops at the twenty-fifth AAAI conference on artificial intelligence},
	year={2011}
}
@article{stumpf2012critical,
	title={Critical truths about power laws},
	author={Stumpf, Michael PH and Porter, Mason A},
	journal={Science},
	volume={335},
	number={6069},
	pages={665--666},
	year={2012},
	publisher={American Association for the Advancement of Science}
}
@article{tamea2016global,
	title={Global effects of local food-production crises: a virtual water perspective},
	author={Tamea, Stefania and Laio, Francesco and Ridolfi, Luca},
	journal={Scientific reports},
	volume={6},
	pages={18803},
	year={2016},
	publisher={Nature Publishing Group}
}